% $Id: refs.bib,v 1.1 2005/09/15 23:05:46 dan Exp $
%

@book{terman,
author = "Frederick Terman",
title = "Electronic and Radio Engineering",
publisher = "McGraw-Hill",
year = "1955"
}

@book{feucht,
author = "Dennis L. Feucht",
title = "Handbook of Analog Circuit Design",
publisher = "Academic Press Inc.",
year = "1990"
}

@article{gilbert:mixers,
author = "Barrie Gilbert",
title = "Fundamentals of Active Mixer Design",
}

